<?xml version="1.0" encoding="UTF-8"?><collection xmlns="http://www.loc.gov/MARC21/slim"><record><leader>00376nam--2200121-i-4500</leader><controlfield tag="001">000046219</controlfield><controlfield tag="002">20161230</controlfield><controlfield tag="005">20161230201045</controlfield><controlfield tag="008">060222s1000------------r-----000-0-eng-d</controlfield><datafield ind1=" " ind2=" " tag="080"><subfield code="a">53.081</subfield></datafield><datafield ind1=" " ind2=" " tag="245"><subfield code="a">Units and standards of measurement employedat the national physical laboratory. part 1: mechanics</subfield></datafield><datafield ind1=" " ind2=" " tag="260"><subfield code="a">London, Her Majesty`S Satationery Office, 1967, 20p</subfield></datafield><datafield ind1=" " ind2=" " tag="852"><subfield code="a">23576</subfield></datafield></record></collection>